@online{Wiki,
    Author= "Colaboradores de Wikipedia",
    title="Memoria(informatica)",
    url="https://es.wikipedia.org/wiki/Memoria_(informática)",
    keywords="Latex, knuth"

}

@online{Augusto,
    Author= "Augusto Enrique Salazar Jimenez",
    title="Nociones de la memoria del computador",
    keywords="Latex, knuth"

}
@online{Graciela,
    Author= "Graciela Marker",
    title="La memoria de la computadora",
    url="https://www.tecnologia-informatica.com/memoria-computadora/",
    keywords="Latex, knuth"

}
@online{GCFGLOBAL,
    Author= "Goodwill",
    title="Memoria RAM y disco duro",
    url="https://edu.gcfglobal.org/es/informatica-basica/memoria-ram-y-disco-duro/1/",
    keywords="Latex, knuth"

}
@online{Vikidia,
    Author= "Colaboradores de Vikidia",
    title="ROM BIOS",
    url="https://es.vikidia.org/wiki/ROM_BIOS",
    keywords="Latex, knuth"

}

@online{tarjetas,
    Author="Tarjetas graficas pc",
    title="Rendimiento la latencia y la velocidad de una memoria RAM ",
    url="https://tarjetasgraficaspc.com/memorias-ram/latencia-velocidad-memoria-ram/",
    keywords="Latex, knuth"

}
@online{grupo,
    Author="grupo adslzone",
    title="¿que influye mas en la memoria RAM para jugar, la frecuencia o la latencia?",
    url="https://hardzone.es/reportajes/comparativas/latencia-velocidad-ram-jugar/",
    keywords="Latex, knuth"

}